@article{hlavac2015stargazer,
	title={Stargazer: Well-formatted regression and summary statistics tables},
	author={Hlavac, Marek},
	journal={R package version},
	volume={5},
	number={1},
	year={2015}
}

@article{jann2004estout,
	title={ESTOUT: Stata module to export estimation results from estimates table},
	author={Jann, Ben},
	year={2004},
	publisher={Boston College Department of Economics}
}

@article{wickham2015dplyr,
	title={dplyr: A grammar of data manipulation},
	author={Wickham, Hadley and Francois, Romain and Henry, Lionel and M{\"u}ller, Kirill and others},
	journal={R package version 0.4},
	volume={3},
	year={2015}
}

@article{wickham2018haven,
	title={haven: Import and export “SPSS”,“stata” and “SAS” files},
	author={Wickham, Hadley and Miller, Evan},
	journal={R package version},
	volume={1},
	number={0},
	year={2018}
}

@article{grothendieck2017sqldf,
	title={sqldf: manipulate R data frames using SQL},
	author={Grothendieck, G},
	journal={R package version 0.4-11},
	year={2017}
}

@article{zeileis2005zoo,
	title={zoo: S3 infrastructure for regular and irregular time series},
	author={Zeileis, Achim and Grothendieck, Gabor},
	journal={arXiv preprint math/0505527},
	year={2005}
}

@article{croissant2008panel,
	title={Panel data econometrics in R: The plm package},
	author={Croissant, Yves and Millo, Giovanni and others},
	journal={Journal of statistical software},
	volume={27},
	number={2},
	pages={1--43},
	year={2008}
}

@article{baltagi2006unbalanced,
	title={Unbalanced panel data: A survey},
	author={Baltagi, Badi H and Song, Seuck Heun},
	journal={Statistical Papers},
	volume={47},
	number={4},
	pages={493--523},
	year={2006},
	publisher={Springer}
}

@article{mcdowell2004help,
	title={From the help desk: Seemingly unrelated regression with unbalanced equations},
	author={McDowell, Allen},
	journal={The STATA journal},
	volume={4},
	number={4},
	pages={442--448},
	year={2004},
	publisher={SAGE Publications Sage CA: Los Angeles, CA}
}

@article{chellappa2005managing,
  title={Managing piracy: Pricing and sampling strategies for digital experience goods in vertically segmented markets},
  author={Chellappa, Ramnath K and Shivendu, Shivendu},
  journal={Information Systems Research},
  volume={16},
  number={4},
  pages={400--417},
  year={2005},
  publisher={INFORMS}
}

@article{cheng2012optimal,
  title={Optimal software free trial strategy: The impact of network externalities and consumer uncertainty},
  author={Cheng, Hsing Kenneth and Liu, Yipeng},
  journal={Information Systems Research},
  volume={23},
  number={2},
  pages={488--504},
  year={2012},
  publisher={INFORMS}
}

@article{lahiri2013effects,
  title={Effects of piracy on quality of information goods},
  author={Lahiri, Atanu and Dey, Debabrata},
  journal={Management Science},
  volume={59},
  number={1},
  pages={245--264},
  year={2013},
  publisher={INFORMS}
}

@article{athey2019estimating,
	title={Estimating treatment effects with causal forests: An application},
	author={Athey, Susan and Wager, Stefan},
	journal={arXiv preprint arXiv:1902.07409},
	year={2019}
}
@book{imbens2015causal,
	title={Causal inference in statistics, social, and biomedical sciences},
	author={Imbens, Guido W and Rubin, Donald B},
	year={2015},
	publisher={Cambridge University Press}
}

@misc{tibshirani2018package,
	title={Package ‘grf’},
	author={Tibshirani, Julie and Athey, Susan and Wager, Stefan and Friedberg, Rina and Miner, Luke and Wright, Marvin and Tibshirani, Maintainer Julie and Rcpp, LinkingTo and DiceKriging, RcppEigen Imports and SystemRequirements, GNU},
	year={2018},
	publisher={R{\'e}cup{\'e}r{\'e} sur Comprehensive R Archive Network: https://cran. rproject. org~…}
}

@techreport{chernozhukov2018generic,
	title={Generic machine learning inference on heterogenous treatment effects in randomized experiments},
	author={Chernozhukov, Victor and Demirer, Mert and Duflo, Esther and Fernandez-Val, Ivan},
	year={2018},
	institution={National Bureau of Economic Research}
}

@article{xu2017generalized,
	title={Generalized synthetic control method: Causal inference with interactive fixed effects models},
	author={Xu, Yiqing},
	journal={Political Analysis},
	volume={25},
	number={1},
	pages={57--76},
	year={2017},
	publisher={Cambridge University Press}
}