@article{sweeney2013discrimination,
	title={Discrimination in online ad delivery},
	author={Sweeney, Latanya},
	journal={Queue},
	volume={11},
	number={3},
	pages={10--29},
	year={2013},
	publisher={ACM New York, NY, USA}
}

@article{datta2015automated,
	title={Automated experiments on ad privacy settings: A tale of opacity, choice, and discrimination},
	author={Datta, Amit and Tschantz, Michael Carl and Datta, Anupam},
	journal={Proceedings on privacy enhancing technologies},
	volume={2015},
	number={1},
	pages={92--112},
	year={2015},
	publisher={Sciendo}
}

@article{williams2015national,
	title={National hiring experiments reveal 2: 1 faculty preference for women on STEM tenure track},
	author={Williams, Wendy M and Ceci, Stephen J},
	journal={Proceedings of the National Academy of Sciences},
	volume={112},
	number={17},
	pages={5360--5365},
	year={2015},
	publisher={National Acad Sciences}
}

@article{diekman2010seeking,
	title={Seeking congruity between goals and roles: A new look at why women opt out of science, technology, engineering, and mathematics careers},
	author={Diekman, Amanda B and Brown, Elizabeth R and Johnston, Amanda M and Clark, Emily K},
	journal={Psychological science},
	volume={21},
	number={8},
	pages={1051--1057},
	year={2010},
	publisher={Sage Publications Sage CA: Los Angeles, CA}
}

@article{flath1979comparison,
	title={A comparison of two logit models in the analysis of qualitative marketing data},
	author={Flath, David and Leonard, EW},
	journal={Journal of Marketing Research},
	volume={16},
	number={4},
	pages={533--538},
	year={1979},
	publisher={SAGE Publications Sage CA: Los Angeles, CA}
}

@article{chellappa2005managing,
  title={Managing piracy: Pricing and sampling strategies for digital experience goods in vertically segmented markets},
  author={Chellappa, Ramnath K and Shivendu, Shivendu},
  journal={Information Systems Research},
  volume={16},
  number={4},
  pages={400--417},
  year={2005},
  publisher={INFORMS}
}

@article{cheng2012optimal,
  title={Optimal software free trial strategy: The impact of network externalities and consumer uncertainty},
  author={Cheng, Hsing Kenneth and Liu, Yipeng},
  journal={Information Systems Research},
  volume={23},
  number={2},
  pages={488--504},
  year={2012},
  publisher={INFORMS}
}

@article{lahiri2013effects,
  title={Effects of piracy on quality of information goods},
  author={Lahiri, Atanu and Dey, Debabrata},
  journal={Management Science},
  volume={59},
  number={1},
  pages={245--264},
  year={2013},
  publisher={INFORMS}
}

@book{imbens2015causal,
	title={Causal inference in statistics, social, and biomedical sciences},
	author={Imbens, Guido W and Rubin, Donald B},
	year={2015},
	publisher={Cambridge University Press}
}
@article{rosenbaum1983central,
	title={The central role of the propensity score in observational studies for causal effects},
	author={Rosenbaum, Paul R and Rubin, Donald B},
	journal={Biometrika},
	volume={70},
	number={1},
	pages={41--55},
	year={1983},
	publisher={Oxford University Press}
}
@article{varian2014big,
	title={Big data: New tricks for econometrics},
	author={Varian, Hal R},
	journal={Journal of Economic Perspectives},
	volume={28},
	number={2},
	pages={3--28},
	year={2014}
}
@misc{tibshirani2018package,
	title={Package ‘grf’},
	author={Tibshirani, Julie and Athey, Susan and Wager, Stefan and Friedberg, Rina and Miner, Luke and Wright, Marvin and Tibshirani, Maintainer Julie and Rcpp, LinkingTo and DiceKriging, RcppEigen Imports and SystemRequirements, GNU},
	year={2018},
	publisher={R{\'e}cup{\'e}r{\'e} sur Comprehensive R Archive Network: https://cran. rproject. org~…}
}
@article{athey2019estimating,
	title={Estimating treatment effects with causal forests: An application},
	author={Athey, Susan and Wager, Stefan},
	journal={arXiv preprint arXiv:1902.07409},
	year={2019}
}